@article{doi:10.1198/jbes.2009.07205,
author = {S. Borağan Aruoba and Francis X. Diebold and Chiara Scotti},
title = {Real-Time Measurement of Business Conditions},
journal = {Journal of Business \& Economic Statistics},
volume = {27},
number = {4},
pages = {417-427},
year  = {2009},
publisher = {Taylor & Francis},
doi = {10.1198/jbes.2009.07205},

URL = { 
    
        https://doi.org/10.1198/jbes.2009.07205
    
    

},
eprint = { 
    
        https://doi.org/10.1198/jbes.2009.07205
    
    

}

}




@techreport{NBERw19523,
 title = "Time Variation in Asset Price Responses to Macro Announcements",
 author = "Goldberg, Linda S and Grisse, Christian",
 institution = "National Bureau of Economic Research",
 type = "Working Paper",
 series = "Working Paper Series",
 number = "19523",
 year = "2013",
 month = "October",
 doi = {10.3386/w19523},
 URL = "http://www.nber.org/papers/w19523",
 abstract = {Although the effects of economic news announcements on asset prices are well established, these relationships are unlikely to be stable. This paper documents the time variation in the responses of yield curves and exchange rates using high frequency data from January 2000 through August 2011. Significant time variation in news effects is present for those announcements that have the largest effects on asset prices.  The time variation in effects is explained by economic  conditions, including the level of policy rates at the time of the release, and risk conditions: government bond yields increase in response to "good news", but less so when risk is elevated. Risk conditions matter since they can capture the effects of uncertainty on the information content of news announcements, the interaction of monetary policy and financial stability objectives of central banks, and the effect of news announcements on the risk premium.},
}
@article{SCOTTI20161,
title = {Surprise and uncertainty indexes: Real-time aggregation of real-activity macro-surprises},
journal = {Journal of Monetary Economics},
volume = {82},
pages = {1-19},
year = {2016},
issn = {0304-3932},
doi = {https://doi.org/10.1016/j.jmoneco.2016.06.002},
url = {https://www.sciencedirect.com/science/article/pii/S0304393216300320},
author = {Chiara Scotti},
keywords = {Business cycle, Dynamic factor model, State space model, Forecasting weights},
abstract = {Two daily, real-time, real-activity indexes are constructed for the United States, euro area, United Kingdom, Canada, and Japan: (i) a surprise index summarizing recent economic data surprises and measuring optimism/pessimism about the state of the economy, and (ii) an uncertainty index measuring uncertainty related to the state of the economy. The surprise index parsimoniously preserves the properties of the underlying series when affecting asset prices. For the United States, the real-activity uncertainty index is compared to other uncertainty proxies to show that, when uncertainty is strictly related to real activity only, it has a potentially milder effect on economic activity.}
}

@article{10.1257/aer.20190964,
Author = {Känzig, Diego R.},
Title = {The Macroeconomic Effects of Oil Supply News: Evidence from {OPEC} Announcements},
Journal = {American Economic Review},
Volume = {111},
Number = {4},
Year = {2021},
Month = {April},
Pages = {1092-1125},
DOI = {10.1257/aer.20190964},
URL = {https://www.aeaweb.org/articles?id=10.1257/aer.20190964}}
@article{garbade1983price,
  title={Price movements and price discovery in futures and cash markets},
  author={Garbade, Kenneth D and Silber, William L},
  journal={Review of Economics and Statistics},
  volume = {65},
  number = {2},
  pages={289--297},
  year={1983},
  publisher={JSTOR}
}
@article{andersen1998deutsche,
  title={Deutsche mark--dollar volatility: intraday activity patterns, macroeconomic announcements, and longer run dependencies},
  author={Andersen, Torben G and Bollerslev, Tim},
  journal={Journal of Finance},
  volume={53},
  number={1},
  pages={219--265},
  year={1998},
  publisher={Wiley Online Library}
}

@article{andersen2007real,
  title={Real-time price discovery in global stock, bond and foreign exchange markets},
  author={Andersen, Torben G and Bollerslev, Tim and Diebold, Francis X and Vega, Clara},
  journal={Journal of International Economics},
  volume={73},
  number={2},
  pages={251--277},
  year={2007},
  publisher={Elsevier}
}

@article{andersen2003micro,
  title={Micro effects of macro announcements: Real-time price discovery in foreign exchange},
  author={Andersen, Torben G and Bollerslev, Tim and Diebold, Francis X and Vega, Clara},
  journal={American Economic Review},
  volume={93},
  number={1},
  pages={38--62},
  year={2003}
}

@article{basak2016model,
  title={A model of financialization of commodities},
  author={Basak, Suleyman and Pavlova, Anna},
  journal={Journal of Finance},
  volume={71},
  number={4},
  pages={1511--1556},
  year={2016},
  publisher={Wiley Online Library}
}

@article{brunetti2016speculators,
  title={Speculators, prices, and market volatility},
  author={Brunetti, Celso and B{\"u}y{\"u}k{\c{s}}ahin, Bahattin and Harris, Jeffrey H},
  journal={Journal of Financial and Quantitative Analysis},
  volume = {51},
  number = {5},
  pages={1545--1574},
  year={2016},
  publisher={JSTOR}
}

@article{balduzzi2001economic,
  title={Economic news and bond prices: Evidence from the US Treasury market},
  author={Balduzzi, Pierluigi and Elton, Edwin J and Green, T Clifton},
  journal={Journal of Financial and Quantitative analysis},
  volume = {36},
  number={4},
  pages={523--543},
  year={2001},
  publisher={JSTOR}
}

@article{beechey2009high,
  title={The high-frequency impact of news on long-term yields and forward rates: Is it real?},
  author={Beechey, Meredith J and Wright, Jonathan H},
  journal={Journal of Monetary Economics},
  volume={56},
  number={4},
  pages={535--544},
  year={2009},
  publisher={Elsevier}
}

@article{bernanke2005explains,
  title={What explains the stock market's reaction to Federal Reserve policy?},
  author={Bernanke, Ben S and Kuttner, Kenneth N},
  journal={Journal of Finance},
  volume={60},
  number={3},
  pages={1221--1257},
  year={2005},
  publisher={Wiley Online Library}
}

@article{boehm2020us,
  title={The {US}, economic news, and the global financial cycle},
  author={Boehm, Christoph and Kroner, Niklas},
  journal={Economic News, and the Global Financial Cycle (January 10, 2020)},
  year={2020}
}


@article{bollerslev1986generalized,
  title={Generalized autoregressive conditional heteroskedasticity},
  author={Bollerslev, Tim},
  journal={Journal of Econometrics},
  volume={31},
  number={3},
  pages={307--327},
  year={1986},
  publisher={Elsevier}
}

@article{boyd2005stock,
  title={The stock market's reaction to unemployment news: Why bad news is usually good for stocks},
  author={Boyd, John H and Hu, Jian and Jagannathan, Ravi},
  journal={Journal of Finance},
  volume={60},
  number={2},
  pages={649--672},
  year={2005},
  publisher={Wiley Online Library}
}

@article{bryan1993consumer,
  title={The Consumer Price Index as a measure of inflation},
  author={Bryan, Michael F and Cecchetti, Stephen G},
  journal={Economic Review-Federal Reserve Bank of Cleveland},
  volume={29},
  number={4},
  pages={15},
  year={1993},
  publisher={Federal Reserve Bank of Cleveland}
}

@article{buyukcsahin2014speculators,
  title={Speculators, commodities and cross-market linkages},
  author={B{\"u}y{\"u}k{\c{s}}ahin, Bahattin and Robe, Michel A},
  journal={Journal of International Money and Finance},
  volume={42},
  pages={38--70},
  year={2014},
  publisher={Elsevier}
}

@article{cai2001moves,
  title={What moves the gold market?},
  author={Cai, Jun and Cheung, Yan-Leung and Wong, Michael CS},
  journal={Journal of Futures Markets},
  volume={21},
  number={3},
  pages={257--278},
  year={2001},
  publisher={Wiley Online Library}
}
@article{clark1997us,
  title={{US} inflation developments in 1996},
  author={Clark, Todd E and others},
  journal={Economic Review-Federal Reserve Bank of Kansas City},
  volume={82},
  pages={11--30},
  year={1997},
  publisher={Federal Reserve Bank of Kansas City}
}


@article{couleau2020corn,
  title={Are corn futures prices getting `jumpy'?},
  author={Couleau, Anabelle and Serra, Teresa and Garcia, Philip},
  journal={American Journal of Agricultural Economics},
  volume={102},
  number={2},
  pages={569--588},
  year={2020},
  publisher={Wiley Online Library}
}

@article{creti2013links,
  title={On the links between stock and commodity markets' volatility},
  author={Creti, Anna and Jo{\"e}ts, Marc and Mignon, Val{\'e}rie},
  journal={Energy Economics},
  volume={37},
  pages={16--28},
  year={2013},
  publisher={Elsevier}
}

@article{deaton1992behaviour,
  title={On the behaviour of commodity prices},
  author={Deaton, Angus and Laroque, Guy},
  journal={Review of Economic Studies},
  volume={59},
  number={1},
  pages={1--23},
  year={1992},
  publisher={Wiley-Blackwell}
}

@article{engle1982autoregressive,
  title={Autoregressive conditional heteroscedasticity with estimates of the variance of United Kingdom inflation},
  author={Engle, Robert F},
  journal={Econometrica},
  pages={987--1007},
  year={1982},
  publisher={JSTOR}
}

@article{ehrmann2004taking,
  title={Taking stock: Monetary policy transmission to equity markets},
  author={Ehrmann, Michael and Fratzscher, Marcel},
  journal={Journal of Money, Credit and Banking},
  pages={719--737},
  year={2004},
  publisher={JSTOR}
}

@incollection{fama2016commodity,
  title={Commodity futures prices: Some evidence on forecast power, premiums, and the theory of storage},
  author={Fama, Eugene F and French, Kenneth R},
  booktitle={The World Scientific Handbook of Futures Markets},
  pages={79--102},
  year={2016},
  publisher={World Scientific}
}

@article{fattouh2013role,
  title={The role of speculation in oil markets: What have we learned so far?},
  author={Fattouh, Bassam and Kilian, Lutz and Mahadeva, Lavan},
  journal={The Energy Journal},
  volume={34},
  number={3},
  year={2013},
  publisher={International Association for Energy Economics}
}

@article{flannery2002macroeconomic,
  title={Macroeconomic factors do influence aggregate stock returns},
  author={Flannery, Mark J and Protopapadakis, Aris A},
  journal={Review of Financial Studies},
  volume={15},
  number={3},
  pages={751--782},
  year={2002},
  publisher={Oxford University Press}
}

@article{fleming1999price,
  title={Price formation and liquidity in the US Treasury market: The response to public information},
  author={Fleming, Michael J and Remolona, Eli M},
  journal={Journal of Finance},
  volume={54},
  number={5},
  pages={1901--1915},
  year={1999},
  publisher={Wiley Online Library}
}

@article{fleming1997moves,
  title={What moves the bond market?},
  author={Fleming, Michael J and Remolona, Eli M},
  journal={Federal Reserve Bank of New York Economic Policy Review},
  volume={3},
  number={4},
  year={1997}
}


@article{getz1990barometer,
  title={Diffusion indexes: a barometer of the economy},
  author={Getz, Patricia M and Ulmer, Mark G},
  journal={Bureau of Labor Statistics Monthly Labor Review},
  pages={13},
  year={1990}
}

@article{wirl2004impact,
  title={The impact of {OPEC} Conference outcomes on world oil prices 1984-2001},
  author={Wirl, Franz and Kujundzic, Azra},
  journal={The Energy Journal},
  volume={25},
  number={1},
  pages = {45--62},
  year={2004},
  publisher={International Association for Energy Economics}
}

@article{gorton2006facts,
  title={Facts and fantasies about commodity futures},
  author={Gorton, Gary and Rouwenhorst, K Geert},
  journal={Financial Analysts Journal},
  volume={62},
  number={2},
  pages={47--68},
  year={2006},
  publisher={Taylor \& Francis}
}

@article{glick2012central,
  title={Central bank announcements of asset purchases and the impact on global financial and commodity markets},
  author={Glick, Reuven and Leduc, Sylvain},
  journal={Journal of International Money and Finance},
  volume={31},
  number={8},
  pages={2078--2101},
  year={2012},
  publisher={Elsevier}
}

@article{gurkaynak2005sensitivity,
  title={The sensitivity of long-term interest rates to economic news: Evidence and implications for macroeconomic models},
  author={G{\"u}rkaynak, Refet S and Sack, Brian and Swanson, Eric},
  journal={American Economic Review},
  volume={95},
  number={1},
  pages={425--436},
  year={2005}
}

@article{glosten1993relation,
  title={On the relation between the expected value and the volatility of the nominal excess return on stocks},
  author={Glosten, Lawrence R and Jagannathan, Ravi and Runkle, David E},
  journal={Journal of Finance},
  volume={48},
  number={5},
  pages={1779--1801},
  year={1993},
  publisher={Wiley Online Library}
}

@article{hakkio1985reaction,
  title={The reaction of exchange rates to economic news},
  author={Hakkio, Craig S and Pearce, Douglas K},
  journal={Economic Inquiry},
  volume={23},
  number={4},
  pages={621--636},
  year={1985},
  publisher={Wiley Online Library}
}

@article{hammoudeh2008metal,
  title={Metal volatility in presence of oil and interest rate shocks},
  author={Hammoudeh, Shawkat and Yuan, Yuan},
  journal={Energy Economics},
  volume={30},
  number={2},
  pages={606--620},
  year={2008},
  publisher={Elsevier}
}


@article{hu2017early,
  title={Early peek advantage? Efficient price discovery with tiered information disclosure},
  author={Hu, Grace Xing and Pan, Jun and Wang, Jiang},
  journal={Journal of Financial Economics},
  volume={126},
  number={2},
  pages={399--421},
  year={2017},
  publisher={Elsevier}
}

@article{irwin2012financialization,
  title={Financialization and structural change in commodity futures markets},
  author={Irwin, Scott H and Sanders, Dwight R},
  journal={Journal of Agricultural and Applied Economics},
  volume={44},
  number={1379-2016-113661},
  pages={371--396},
  year={2012}
}

@article{joets2017does,
  title={Does the volatility of commodity prices reflect macroeconomic uncertainty?},
  author={Jo{\"e}ts, Marc and Mignon, Val{\'e}rie and Razafindrabe, Tovonony},
  journal={Energy Economics},
  volume={68},
  pages={313--326},
  year={2017},
  publisher={Elsevier}
}

@article{kilian2014role,
  title={The role of inventories and speculative trading in the global market for crude oil},
  author={Kilian, Lutz and Murphy, Daniel P},
  journal={Journal of Applied econometrics},
  volume={29},
  number={3},
  pages={454--478},
  year={2014},
  publisher={Wiley Online Library}
}

@article{kurov2019price,
  title={Price drift before US macroeconomic news: Private information about public announcements?},
  author={Kurov, Alexander and Sancetta, Alessio and Strasser, Georg and Wolfe, Marketa Halova},
  journal={Journal of Financial and Quantitative Analysis},
  volume={54},
  number={1},
  pages={449--479},
  year={2019},
  publisher={Cambridge University Press}
}

@article{kurov2018monetary,
  title={Monetary policy uncertainty and the market reaction to macroeconomic news},
  author={Kurov, Alexander and Stan, Raluca},
  journal={Journal of Banking \& Finance},
  volume={86},
  pages={127--142},
  year={2018},
  publisher={Elsevier}
}

@article{lee1995oil,
  title={Oil shocks and the macroeconomy: the role of price variability},
  author={Lee, Kiseok and Ni, Shawn and Ratti, Ronald A},
  journal={The Energy Journal},
  volume={16},
  number={4},
  pages = {39--56},
  year={1995},
  publisher={International Association for Energy Economics}
}

@article{nelson1991conditional,
  title={Conditional heteroskedasticity in asset returns: A new approach},
  author={Nelson, Daniel B},
  journal={Econometrica},
  pages={347--370},
  year={1991},
  publisher={JSTOR}
}

@techreport{pearce1984stock,
  title={Stock prices and economic news},
  author={Pearce, Douglas K and Roley, V Vance},
  year={1984},
  institution={National Bureau of Economic Research}
}

@article{singleton2014investor,
  title={Investor flows and the 2008 boom/bust in oil prices},
  author={Singleton, Kenneth J},
  journal={Management Science},
  volume={60},
  number={2},
  pages={300--318},
  year={2014},
  publisher={INFORMS}
}

@article{stoll2010commodity,
  title={Commodity index investing and commodity futures prices},
  author={Stoll, Hans R and Whaley, Robert E},
  journal={Journal of Applied Finance (Formerly Financial Practice and Education)},
  volume={20},
  number={1},
  year={2010}
}

@article{savor2013much,
  title={How much do investors care about macroeconomic risk? Evidence from scheduled economic announcements},
  author={Savor, Pavel and Wilson, Mungo},
  journal={Journal of Financial and Quantitative Analysis},
  pages={343--375},
  year={2013},
  publisher={JSTOR}
}

@article{scholtus2014speed,
  title={Speed, algorithmic trading, and market quality around macroeconomic news announcements},
  author={Scholtus, Martin and Van Dijk, Dick and Frijns, Bart},
  journal={Journal of Banking \& Finance},
  volume={38},
  pages={89--105},
  year={2014},
  publisher={Elsevier}
}

@article{horan2004implied,
  title={Implied volatility of oil futures options surrounding {OPEC} meetings},
  author={Horan, Stephen M and Peterson, Jeffrey H and Mahar, James},
  journal={The Energy Journal},
  volume={25},
  number={3},
  pages = {103--125},
  year={2004},
  publisher={International Association for Energy Economics}
}

@article{tang2012index,
  title={Index investment and the financialization of commodities},
  author={Tang, Ke and Xiong, Wei},
  journal={Financial Analysts Journal},
  volume={68},
  number={6},
  pages={54--74},
  year={2012},
  publisher={Taylor \& Francis}
}

@article{vivian2012commodity,
  title={Commodity volatility breaks},
  author={Vivian, Andrew and Wohar, Mark E},
  journal={Journal of International Financial Markets, Institutions and Money},
  volume={22},
  number={2},
  pages={395--422},
  year={2012},
  publisher={Elsevier}
}

@article{working1949theory,
  title={The theory of price of storage},
  author={Working, Holbrook},
  journal={American Economic Review},
  volume={39},
  number={6},
  pages={1254--1262},
  year={1949},
  publisher={JSTOR}
}

@article{working1960speculation,
  title={Speculation on hedging markets},
  author={Working, Holbrook},
  journal={Food Research Institute Studies},
  volume={1},
  number={2}, 
  pages={185--220},
  year={1960}
}

@article{goldstein2022commodity,
  title={Commodity financialization and information transmission},
  author={Goldstein, Itay and Yang, Liyan},
  journal={The Journal of Finance},
  volume={77},
  number={5},
  pages={2613--2667},
  year={2022},
  publisher={Wiley Online Library}
}

@article{cheng2014financialization,
  title={Financialization of commodity markets},
  author={Cheng, Ing-Haw and Xiong, Wei},
  journal={Annual Review of Financial Economics},
  volume={6},
  number={1},
  pages={419--441},
  year={2014},
  publisher={Annual Reviews}
}

@incollection{kaldor1976speculation,
  title={Speculation and economic stability},
  author={Kaldor, Nicholas},
  booktitle={The Economics of Futures Trading},
  pages={111--123},
  year={1976},
  publisher={Springer}
}



@incollection{brennan1976supply,
  title={The supply of storage},
  author={Brennan, Michael J},
  booktitle={The Economics of Futures Trading},
  pages={100--107},
  year={1976},
  publisher={Springer}
}

@article{keynes1923some,
  title={Some aspects of commodity markets},
  author={Keynes, John Maynard},
  journal={Manchester Guardian Commercial: European Reconstruction Series},
  volume={13},
  pages={784--786},
  year={1923}
}

@article{hicks1975value,
  title={Value and capital: An inquiry into some fundamental principles of economic theory},
  author={Hicks, John Richard and others},
  journal={OUP Catalogue},
  year={1975},
  publisher={Oxford University Press}
}


@article{brennan1991price,
  title={The price of convenience and the valuation of commodity contingent claims,[w:] D. Land, B. Oeksendal},
  author={Brennan, MJ},
  journal={Stochastic Models and Options Values, Elsevier Science Publications},
  year={1991}
}

@book{pirrong2011commodity,
  title={Commodity price dynamics: A structural approach},
  author={Pirrong, Craig},
  year={2011},
  publisher={Cambridge University Press}
}

@article{kang2020tale,
  title={A tale of two premiums: the role of hedgers and speculators in commodity futures markets},
  author={Kang, Wenjin and Rouwenhorst, K Geert and Tang, Ke},
  journal={Journal of Finance},
  volume={75},
  number={1},
  pages={377--417},
  year={2020},
  publisher={Wiley Online Library}
}

@article{boyd2018update,
  title={An update on speculation and financialization in commodity markets},
  author={Boyd, Naomi E and Harris, Jeffrey H and Li, Bingxin},
  journal={Journal of Commodity Markets},
  volume={10},
  pages={91--104},
  year={2018},
  publisher={Elsevier}
}

@article{irwin2011index,
  title={Index funds, financialization, and commodity futures markets},
  author={Irwin, Scott H and Sanders, Dwight R},
  journal={Applied Economic Perspectives and Policy},
  volume={33},
  number={1},
  pages={1--31},
  year={2011},
  publisher={Oxford University Press}
}


@article{irwin2012testing,
  title={Testing the {Masters} hypothesis in commodity futures markets},
  author={Irwin, Scott H and Sanders, Dwight R},
  journal={Energy Economics},
  volume={34},
  number={1},
  pages={256--269},
  year={2012},
  publisher={Elsevier}
}


@article{brunetti2014commodity,
  title={Commodity index trading and hedging costs},
  author={Brunetti, Celso and Reiffen, David},
  journal={Journal of Financial Markets},
  volume={21},
  pages={153--180},
  year={2014},
  publisher={Elsevier}
}

@article{hamilton2014risk,
  title={Risk premia in crude oil futures prices},
  author={Hamilton, James D and Wu, Jing Cynthia},
  journal={Journal of International Money and Finance},
  volume={42},
  pages={9--37},
  year={2014},
  publisher={Elsevier}
}


@article{kilian2011energy,
  title={Do energy prices respond to US macroeconomic news? A test of the hypothesis of predetermined energy prices},
  author={Kilian, Lutz and Vega, Clara},
  journal={Review of Economics and Statistics},
  volume={93},
  number={2},
  pages={660--671},
  year={2011},
  publisher={The MIT Press}
}

@article{frankel1985commodity,
  title={Commodity prices, money surprises and fed credibilit},
  author={Frankel, Jeffrey A and Hardouvelis, Gikas A},
  journal={Journal of Money, Credit and Banking},
  volume={17},
  number={4},
  pages={425--438},
  year={1985},
  publisher={JSTOR}
}


@article{christie2000macroeconomics,
  title={Do macroeconomics news releases affect gold and silver prices?},
  author={Christie--David, Rohan and Chaudhry, Mukesh and Koch, Timothy W},
  journal={Journal of Economics and Business},
  volume={52},
  number={5},
  pages={405--421},
  year={2000},
  publisher={Elsevier}
}



@article{hess2008commodity,
  title={How do commodity futures respond to macroeconomic news?},
  author={Hess, Dieter and Huang, He and Niessen, Alexandra},
  journal={Financial Markets and Portfolio Management},
  volume={22},
  number={2},
  pages={127--146},
  year={2008},
  publisher={Springer}
}


@article{gu2018drives,
  title={What drives informed trading before public releases? Evidence from natural gas inventory announcements},
  author={Gu, Chen and Kurov, Alexander},
  journal={Journal of Futures Markets},
  volume={38},
  number={9},
  pages={1079--1096},
  year={2018},
  publisher={Wiley Online Library}
}

@article{shanker2017new,
  title={New indices of adequate and excess speculation and their relationship with volatility in the crude oil futures market},
  author={Shanker, Latha},
  journal={Journal of Commodity Markets},
  volume={5},
  pages={18--35},
  year={2017},
  publisher={Elsevier}
}

@article{hedegaard2011margins,
  title={How margins are set and affect asset prices},
  author={Hedegaard, Esben},
  journal={Job Market Paper},
  year={2011}
}



@article{hirshleifer1990hedging,
  title={Hedging pressure and futures price movements in a general equilibrium model},
  author={Hirshleifer, David},
  journal={Econometrica},
  pages={411--428},
  year={1990},
  publisher={JSTOR}
}


@article{hirshleifer1991seasonal,
  title={Seasonal patterns of futures hedging and the resolution of output uncertainty},
  author={Hirshleifer, David},
  journal={Journal of Economic Theory},
  volume={53},
  number={2},
  pages={304--327},
  year={1991},
  publisher={Elsevier}
}


@article{hordahl2020expectations,
  title={Expectations and risk premia at 8: 30 am: Deciphering the responses of bond yields to macroeconomic announcements},
  author={H{\"o}rdahl, Peter and Remolona, Eli M and Valente, Giorgio},
  journal={Journal of Business \& Economic Statistics},
  volume={38},
  number={1},
  pages={27--42},
  year={2020},
  publisher={Taylor \& Francis}
}

@article{wu2019does,
  title={Does gold or Bitcoin hedge economic policy uncertainty?},
  author={Wu, Shan and Tong, Mu and Yang, Zhongyi and Derbali, Abdelkader},
  journal={Finance Research Letters},
  volume={31},
  pages={171--178},
  year={2019},
  publisher={Elsevier}
}

@article{baur2010gold,
  title={Is gold a hedge or a safe haven? {An} analysis of stocks, bonds and gold},
  author={Baur, Dirk G and Lucey, Brian M},
  journal={Financial Review},
  volume={45},
  number={2},
  pages={217--229},
  year={2010},
  publisher={Wiley Online Library}
}

@article{hollstein2020volatility,
  title={Volatility term structures in commodity markets},
  author={Hollstein, Fabian and Prokopczuk, Marcel and W{\"u}rsig, Christoph},
  journal={Journal of Futures Markets},
  volume={40},
  number={4},
  pages={527--555},
  year={2020},
  publisher={Wiley Online Library}
}

@article{ye2021macroeconomic,
  title={Macroeconomic forecasts and commodity futures volatility},
  author={Ye, Wuyi and Guo, Ranran and Deschamps, Bruno and Jiang, Ying and Liu, Xiaoquan},
  journal={Economic Modelling},
  volume={94},
  pages={981--994},
  year={2021},
  publisher={Elsevier}
}

@article{bohl2013does,
  title={Does futures speculation destabilize spot prices? New evidence for commodity markets},
  author={Bohl, Martin T and Stephan, Patrick M},
  journal={Journal of Agricultural and Applied Economics},
  volume={45},
  number={4},
  pages={595--616},
  year={2013},
  publisher={Cambridge University Press}
}

@article{bohl2012commodity,
  title={Do commodity index traders destabilize agricultural futures prices?},
  author={Bohl, Martin T and Javed, Farrukh and Stephan, Patrick M and others},
  journal={Diskussionspapier, am},
  volume={24},
  year={2012},
  publisher={Citeseer}
}

@article{brunetti2009speculation,
  title={Is speculation destabilizing?},
  author={Brunetti, Celso and Buyuksahin, Bahattin},
  journal={SSRN eLibrary},
  year={2009},
  publisher={Citeseer}
}

@article{harris2009role,
  title={The role of speculators in the crude oil futures market},
  author={Harris, Jeffrey H and Buyuksahin, Bahattin},
  journal={Available at SSRN 1435042},
  year={2009}
}


@article{sanders2010speculative,
  title={A speculative bubble in commodity futures prices? Cross-sectional evidence},
  author={Sanders, Dwight R and Irwin, Scott H},
  journal={Agricultural Economics},
  volume={41},
  number={1},
  pages={25--32},
  year={2010},
  publisher={Wiley Online Library}
}



@article{kim2015does,
  title={Does futures speculation destabilize commodity markets?},
  author={Kim, Abby},
  journal={Journal of Futures Markets},
  volume={35},
  number={8},
  pages={696--714},
  year={2015},
  publisher={Wiley Online Library}
}

@article{yang2005futures,
  title={Futures trading activity and commodity cash price volatility},
  author={Yang, Jian and Balyeat, R Brian and Leatham, David J},
  journal={Journal of Business Finance \& Accounting},
  volume={32},
  number={1-2},
  pages={297--323},
  year={2005},
  publisher={Wiley Online Library}
}

@article{bryant2006causality,
  title={Causality in futures markets},
  author={Bryant, Henry L and Bessler, David A and Haigh, Michael S},
  journal={Journal of Futures Markets},
  volume={26},
  number={11},
  pages={1039--1057},
  year={2006},
  publisher={Wiley Online Library}
}

@article{masters2009testimony,
  title={Testimony before the commodity futures trading commission},
  author={Masters, Michael W},
  journal={Testimony to the Commodity Futures Trading Commission},
  year={2009}
}

@article{hu2013noise,
  title={Noise as information for illiquidity},
  author={Hu, Grace Xing and Pan, Jun and Wang, Jiang},
  journal={Journal of Finance},
  volume={68},
  number={6},
  pages={2341--2382},
  year={2013},
  publisher={Wiley Online Library}
}

@article{hautsch2011impact,
  title={The impact of macroeconomic news on quote adjustments, noise, and informational volatility},
  author={Hautsch, Nikolaus and Hess, Dieter and Veredas, David},
  journal={Journal of Banking \& Finance},
  volume={35},
  number={10},
  pages={2733--2746},
  year={2011},
  publisher={Elsevier}
}

@article{bernile2016can,
  title={Can information be locked up? Informed trading ahead of macro-news announcements},
  author={Bernile, Gennaro and Hu, Jianfeng and Tang, Yuehua},
  journal={Journal of Financial Economics},
  volume={121},
  number={3},
  pages={496--520},
  year={2016},
  publisher={Elsevier}
}

@article{alquist2013role,
  title={The role of financial speculation in driving the price of crude oil},
  author={Alquist, Ron and Gervais, Olivier},
  journal={The Energy Journal},
  volume={34},
  number={3},
  pages={35-54},
  year={2013},
  publisher={International Association for Energy Economics}
}

@incollection{kothari2007econometrics,
  title={Econometrics of event studies},
  author={Kothari, Sagar P and Warner, Jerold B},
  booktitle={Handbook of Empirical Corporate Finance},
  pages={3--36},
  year={2007},
  publisher={Elsevier}
}

@article{buyukcsahin2010matters,
  title={It matters who trades: Hedge funds, swap dealers, and cross-market linkages},
  author={B{\"u}y{\"u}k{\c{s}}ahin, Bahattin and Robe, Michel A},
  year={2010}
}


@misc{newey1986simple,
  title={A simple, positive semi-definite, heteroskedasticity and autocorrelationconsistent covariance matrix},
  author={Newey, Whitney K and West, Kenneth D},
  year={1986},
  publisher={National Bureau of Economic Research, Cambridge, Mass., USA}
}

@article{andersen2008realized,
  title={Realized Volatility, Working Paper 2008-14},
  author={Andersen, Torben Gustav and Benzoni, Luca},
  year={2008}
}

@article{liu2015does,
  title={Does anything beat 5-minute RV? A comparison of realized measures across multiple asset classes},
  author={Liu, Lily Y and Patton, Andrew J and Sheppard, Kevin},
  journal={Journal of Econometrics},
  volume={187},
  number={1},
  pages={293--311},
  year={2015},
  publisher={Elsevier}
}

@article{andersen2001distribution,
  title={The distribution of realized stock return volatility},
  author={Andersen, Torben G and Bollerslev, Tim and Diebold, Francis X and Ebens, Heiko},
  journal={Journal of Financial Economics},
  volume={61},
  number={1},
  pages={43--76},
  year={2001},
  publisher={Elsevier}
}

@article{barndorff2002estimating,
  title={Estimating quadratic variation using realized variance},
  author={Barndorff-Nielsen, Ole E and Shephard, Neil},
  journal={Journal of Applied Econometrics},
  volume={17},
  number={5},
  pages={457--477},
  year={2002},
  publisher={Wiley Online Library}
}


@article{gospodinov2012effects,
  title={The effects of Federal funds rate surprises on S\&P 500 volatility and volatility risk premium},
  author={Gospodinov, Nikolay and Jamali, Ibrahim},
  journal={Journal of Empirical Finance},
  volume={19},
  number={4},
  pages={497--510},
  year={2012},
  publisher={Elsevier}
}

@article{chang1997interday,
  title={Interday variations in volume, variance and participation of large speculators},
  author={Chang, Eric C and Pinegar, J Michael and Schachter, Barry},
  journal={Journal of Banking \& Finance},
  volume={21},
  number={6},
  pages={797--810},
  year={1997},
  publisher={Elsevier}
}

@article{daigler1999impact,
  title={The impact of trader type on the futures volatility-volume relation},
  author={Daigler, Robert T and Wiley, Marilyn K},
  journal={Journal of Finance},
  volume={54},
  number={6},
  pages={2297--2316},
  year={1999},
  publisher={Wiley Online Library}
}


@incollection{irwin2004effect,
author = {Irwin, Scott H and Holt, Bryce},
title = {The effect of large hedge fund and {CTA} trading on futures market volatility},
booktitle = {Commodity trading advisors: Risk, performance analysis and selection},
 publisher={John Wiley and Sons, Inc},
address = {New York, NY},
year = {2004}
}


@article{irwin1987note,
  title={A note on the factors affecting technical trading system returns},
  author={Irwin, Scott H and Brorsen, B Wade},
  journal={Journal of Futures Markets},
  volume={7},
  number={5},
  pages={591--595},
  year={1987},
  publisher={Wiley Subscription Services, Inc., A Wiley Company New York}
}

@article{irwin1999managed,
  title={Managed futures, positive feedback trading, and futures price volatility},
  author={Irwin, Scott H and Yoshimaru, Satoko},
  journal={Journal of Futures Markets},
  volume={19},
  number={7},
  pages={759--776},
  year={1999},
  publisher={Wiley Online Library}
}


@article{haigh2007hedge,
  title={Hedge funds, volatility, and liquidity provision in energy futures markets},
  author={Haigh, Michael S and Hranaiova, Jana and Overdahl, James A},
  journal={Journal of Alternative Investments},
  volume={9},
  number={4},
  pages={10--38},
  year={2007},
  publisher={Institutional Investor Journals Umbrella}
}

@inproceedings{aulerich2012bubbles,
  title={Bubbles},
  author={Aulerich, Nicole M and Irwin, Scott H and Garcia, Philip},
  booktitle={Food Prices, and Speculation: Evidence from the CFTC’s Daily Large Trader Data Files, Paper prepared for presentation at the NBER Conference on “Economics of Food Price Volatility” in Seattle, WA},
  year={2012}
}

@article{irwin2009devil,
  title={Devil or angel? The role of speculation in the recent commodity price boom (and bust)},
  author={Irwin, Scott H and Sanders, Dwight R and Merrin, Robert P},
  journal={Journal of Agricultural and Applied Economics},
  volume={41},
  number={2},
  pages={377--391},
  year={2009},
  publisher={Cambridge University Press}
}

@techreport{cheng2012convective,
  title={Convective risk flows in commodity futures markets},
  author={Cheng, Haw and Kirilenko, Andrei and Xiong, Wei},
  year={2012},
  institution={National Bureau of Economic Research}
}

@article{cheng2015convective,
  title={Convective risk flows in commodity futures markets},
  author={Cheng, Ing-Haw and Kirilenko, Andrei and Xiong, Wei},
  journal={Review of Finance},
  volume={19},
  number={5},
  pages={1733--1781},
  year={2015},
  publisher={Oxford University Press}
}

@article{goldstein2014speculation,
  title={Speculation and hedging in segmented markets},
  author={Goldstein, Itay and Li, Yan and Yang, Liyan},
  journal={Review of Financial Studies},
  volume={27},
  number={3},
  pages={881--922},
  year={2014},
  publisher={Oxford University Press}
}


@article{knuth2018breakthroughs,
  title={“Breakthroughs” for a green economy? Financialization and clean energy transition},
  author={Knuth, Sarah},
  journal={Energy Research \& Social Science},
  volume={41},
  pages={220--229},
  year={2018},
  publisher={Elsevier}
}

@article{kellogg2014effect,
  title={The effect of uncertainty on investment: evidence from Texas oil drilling},
  author={Kellogg, Ryan},
  journal={American Economic Review},
  volume={104},
  number={6},
  pages={1698--1734},
  year={2014}
}




@article{humphreys2010great,
  title={The great metals boom: A retrospective},
  author={Humphreys, David},
  journal={Resources Policy},
  volume={35},
  number={1},
  pages={1--13},
  year={2010},
  publisher={Elsevier}
}

@article{lucey2015precious,
  title={What precious metals act as safe havens, and when? Some {US} evidence},
  author={Lucey, Brian M and Li, Sile},
  journal={Applied Economics Letters},
  volume={22},
  number={1},
  pages={35--45},
  year={2015},
  publisher={Taylor \& Francis}
}



@article{grossman1980impossibility,
  title={On the impossibility of informationally efficient markets},
  author={Grossman, Sanford J and Stiglitz, Joseph E},
  journal={American Economic Review},
  volume={70},
  number={3},
  pages={393--408},
  year={1980},
  publisher={JSTOR}
}



@article{kyle1985continuous,
  title={Continuous auctions and insider trading},
  author={Kyle, Albert S},
  journal={Econometrica},
  pages={1315--1335},
  year={1985},
  publisher={JSTOR}
}


@article{glosten1985bid,
  title={Bid, ask and transaction prices in a specialist market with heterogeneously informed traders},
  author={Glosten, Lawrence R and Milgrom, Paul R},
  journal={Journal of Financial Economics},
  volume={14},
  number={1},
  pages={71--100},
  year={1985},
  publisher={Elsevier}
}

@article{10.5089/9798400219788.001,
    author = "Pescatori, Andrea and Nazer, Yousef",
    doi = "10.5089/9798400219788.001",
    title = "{OPEC} and the Oil Market",
    journal = "{IMF} Working Paper",
    year = "2022"
}

@article{10.1016/j.enpol.2009.10.053,
    author = "Lin, Sharon Xiaowen and Tamvakis, Michael",
    doi = "10.1016/j.enpol.2009.10.053",
    title = "{OPEC} Announcements and Their Effects on Crude Oil Prices",
    journal = "Energy Policy",
    volume = {38},
    number = {2},
    pages = {1010--1016},
    year = "2010"
}



@article{10.30573/ks--2018-dp38,
    author = "Galkin, Philipp and Atalla, Tarek and Ren, Zhongyuan",
    doi = "10.30573/ks--2018-dp38",
    title = "An Estimation of  the Drivers Behind  {OPEC}’s Quota  Decisions",
    year = "2018"
}

@article{10.5902/1983465963575,
    author = "Graicer, Rafael and Nery, Thiago Affonso and Jucá, Michele Nascimento and Junior, Eli Hadad and Bastos, Douglas Dias",
    doi = "10.5902/1983465963575",
    title = "The Impact of the {OPEC} Announcement on the Oil Companies' Share Prices",
    journal = "Revista De Administração Da Ufsm",
    year = "2021"
}

@article{10.3390/books978-3-03936-677-4,
    doi = "10.3390/books978-3-03936-677-4",
    title = "Energy Markets and Economics Ⅱ",
    year = "2020"
}

@article{10.1111/opec.12199,
    author = "Almutairi, Hossa and Pierru, Axel and Smith, James A",
    doi = "10.1111/opec.12199",
    title = "The Value of {OPEC}’s Spare Capacity to the Oil Market and Global Economy",
    journal = "Opec Energy Review",
    year = "2021"
}

@article{10.1111/j.1477-8947.1983.tb00276.x,
    author = "Zorn, Stephen A.",
    doi = "10.1111/j.1477-8947.1983.tb00276.x",
    title = "Permanent Sovereignty Over Natural Resources",
    journal = "Natural Resources Forum",
    volume = {7},
    number = {4},
    pages = {321--328},
    year = "1983"
}


@article{fishe2012identifying,
  title={Identifying Informed Traders in Futures Markets},
  author={Fishe, Raymond P.H. and Smith, Aaron},
  journal={Journal of Financial Markets},
  volume={15},
  number={3},
  pages={329--359},
  year={2012},
	url={https://files.asmith.ucdavis.edu/2012_JFinM_FS_informed.pdf},
	keywords={finance},
	abstract={We use daily positions of futures market participants to identify informed traders. These data contain 8,921 unique traders. We identify between 94 and 230 traders as overnight informed and 91 as intraday informed with little overlap. Floor brokers/traders are over-represented in the overnight informed group. The intraday informed group is dominated by managed money traders/hedge funds and swap dealers, with commercial hedgers under-represented. We find that characteristics such as experience, position size, trading activity, and type of positions held offer significant predictive power for who is informed. An analysis of daily trader profits confirms that we select highly profitable traders.},
  publisher={North-Holland}
}

@article{erb2013golden,
  title={The golden dilemma},
  author={Erb, Claude B and Harvey, Campbell R},
  journal={Financial Analysts Journal},
  volume={69},
  number={4},
  pages={10--42},
  year={2013},
  publisher={Taylor \& Francis}
}

@article{bredin2015does,
  title={Does gold glitter in the long-run? Gold as a hedge and safe haven across time and investment horizon},
  author={Bredin, Don and Conlon, Thomas and Pot{\`\i}, Valerio},
  journal={International Review of Financial Analysis},
  volume={41},
  pages={320--328},
  year={2015},
  publisher={Elsevier}
}

@article{zhang2018informed,
  title={Informed options trading prior to dividend change announcements},
  author={Zhang, Jun},
  journal={Financial Management},
  volume={47},
  number={1},
  pages={81--103},
  year={2018},
  publisher={Wiley Online Library}
}

@article{zhang2022,
    author = {Zhang, T.},
    title = {Hedging pressure and liquidity provision in commodity options markets},
    journal = {Journal of Futures Markets},
    volume = {42},
    number = {7},
    pages = {1212--1233},
    year = {2022},
    doi = {10.1002/fut.22327}
}

@article{singleton2014,
    author = {Singleton, K.},
    title = {Investor flows and the 2008 boom/bust in oil prices},
    journal = {Management Science},
    volume = {60},
    number = {2},
    pages = {300--318},
    year = {2014},
    doi = {10.1287/mnsc.2013.1756}
}

@article{pal2023,
    author = {Pal, D.},
    title = {Do agricultural prices respond to interest on reserves?},
    journal = {The Economics and Finance Letters},
    volume = {10},
    number = {1},
    pages = {94--101},
    year = {2023},
    doi = {10.18488/29.v10i1.3311}
}

@article{rlmishra2021,
    author = {Rl, M. and Mishra, A.},
    title = {Financialization of indian agricultural commodities: the case of index investments},
    journal = {International Journal of Social Economics},
    volume = {49},
    number = {1},
    pages = {73--96},
    year = {2021},
    doi = {10.1108/ijse-05-2021-0254}
}

@article{gebarowski2015,
    author = {Gębarowski, R. and Drozdz, S. and Gorski, A. and Oswiecimka, P.},
    title = {Competition of commodities for the status of money in an agent-based model},
    journal = {Acta Physica Polonica A},
    volume = {127},
    number = {3a},
    pages = {A-51--A-54},
    year = {2015},
    doi = {10.12693/aphyspola.127.a-51}
}

@article{brunetti2011,
    author = {Brunetti, C. and Büyükşahin, B. and Harris, J.},
    title = {Speculators, prices and market volatility},
    journal = {SSRN Electronic Journal},
    year = {2011},
    doi = {10.2139/ssrn.1736737}
}

@article{brunetti2016,
    author = {Brunetti, C. and Buyuksahin, B. and Harris, J.},
    title = {Speculators, prices, and market volatility},
    journal = {Journal of Financial and Quantitative Analysis},
    volume = {51},
    number = {5},
    pages = {1545--1574},
    year = {2016},
    doi = {10.1017/s0022109016000569}
}

@article{lagi2011,
    author = {Lagi, M. and Bertrand, K. and Bar‐Yam, Y.},
    title = {The food crises and political instability in north africa and the middle east},
    journal = {SSRN Electronic Journal},
    year = {2011},
    doi = {10.2139/ssrn.1910031}
}

@article{sanders2016,
    author = {Sanders, D. and Irwin, S.},
    title = {Bubbles, froth and facts: another look at the masters hypothesis in commodity futures markets},
    journal = {Journal of Agricultural Economics},
    volume = {68},
    number = {2},
    pages = {345--365},
    year = {2016},
    doi = {10.1111/1477-9552.12191}
}

@article{soana2020,
    author = {Soana, M. and Verga, G. and Volpi, M.},
    title = {Did index trader and swap dealer activity produce a bubble in the agricultural commodity market?},
    journal = {African Journal of Business Management},
    volume = {14},
    number = {1},
    pages = {9--24},
    year = {2020},
    doi = {10.5897/ajbm2019.8877}
}

@article{park2019,
    author = {Park, J.},
    title = {Effect of speculators’ position changes on the lme futures market},
    journal = {International Journal of Financial Studies},
    volume = {7},
    number = {2},
    pages = {32},
    year = {2019},
    doi = {10.3390/ijfs7020032}
}

